@Book{swebok,
  author = 	 {Pierre Bourque},
  title = 	 {Swebok},
  publisher = 	 {IEEE Computer Society},
  year = 	 {2014},
  edition = 	 {V3}
}

@Book{pressman,
	author = "Roger S. Pressman",
	title = "Ingeniería del Software. Un enfoque práctico",
	publisher = "McGraw-Hill",
	edition = "6ta ed.",
	year = "2010"
}